<?xml version="1.0" encoding="UTF-8"?><collection xmlns="http://www.loc.gov/MARC21/slim"><record><leader>00389nam--2200133-i-4500</leader><controlfield tag="001">000010432</controlfield><controlfield tag="002">20161230</controlfield><controlfield tag="005">20161230201028</controlfield><controlfield tag="008">060222s1000------------r-----000-0-eng-d</controlfield><datafield ind1=" " ind2=" " tag="080"><subfield code="a">061.62(O47:485):537(047:485)</subfield></datafield><datafield ind1=" " ind2=" " tag="245"><subfield code="a">Allmanna svensky elektriska aktiebolaget annual report 1968</subfield></datafield><datafield ind1=" " ind2=" " tag="260"><subfield code="a">Stochkolm, Almanna Svensky Elektriska Aktiebolaget,1968 45p</subfield></datafield><datafield ind1=" " ind2=" " tag="490"><subfield code="a">Asea</subfield></datafield><datafield ind1=" " ind2=" " tag="852"><subfield code="a">37735</subfield></datafield></record></collection>